#################################
############ RCNN ###############
#################################

@inproceedings{rcnn,
 author = {Girshick, Ross and Donahue, Jeff and Darrell, Trevor and Malik, Jitendra},
 title = {Rich Feature Hierarchies for Accurate Object Detection and Semantic Segmentation},
 booktitle = {Proceedings of the 2014 IEEE Conference on Computer Vision and Pattern Recognition},
 series = {CVPR '14},
 year = {2014},
 isbn = {978-1-4799-5118-5},
 pages = {580--587},
 numpages = {8},
 url = {https://doi.org/10.1109/CVPR.2014.81},
 doi = {10.1109/CVPR.2014.81},
 acmid = {2679851},
 publisher = {IEEE Computer Society},
 address = {Washington, DC, USA},
} 


@inproceedings{fast_rcnn,
 author = {Girshick, Ross},
 title = {Fast R-CNN},
 booktitle = {Proceedings of the 2015 IEEE International Conference on Computer Vision (ICCV)},
 series = {ICCV '15},
 year = {2015},
 isbn = {978-1-4673-8391-2},
 pages = {1440--1448},
 numpages = {9},
 url = {http://dx.doi.org/10.1109/ICCV.2015.169},
 doi = {10.1109/ICCV.2015.169},
 acmid = {2920125},
 publisher = {IEEE Computer Society},
 address = {Washington, DC, USA},
} 

@incollection{faster_rcnn,
title = {Faster R-CNN: Towards Real-Time Object Detection with Region Proposal Networks},
author = {Ren, Shaoqing and He, Kaiming and Girshick, Ross and Sun, Jian},
booktitle = {Advances in Neural Information Processing Systems 28},
editor = {C. Cortes and N. D. Lawrence and D. D. Lee and M. Sugiyama and R. Garnett},
pages = {91--99},
year = {2015},
publisher = {Curran Associates, Inc.},
url = {http://papers.nips.cc/paper/5638-faster-r-cnn-towards-real-time-object-detection-with-region-proposal-networks.pdf}
}

@inproceedings{mask_rcnn, 
author={K. {He} and G. {Gkioxari} and P. {Doll√°r} and R. {Girshick}}, 
booktitle={2017 IEEE International Conference on Computer Vision (ICCV)}, 
title={Mask R-CNN}, 
year={2017}, 
volume={}, 
number={}, 
pages={2980-2988}, 
keywords={feature extraction;image segmentation;object detection;pose estimation;conceptually simple framework;bounding-box object detection;object mask;Faster R-CNN;called Mask R-CNN;high-quality segmentation mask;object instance segmentation;Feature extraction;Image segmentation;Object detection;Semantics;Quantization (signal);Robustness}, 
doi={10.1109/ICCV.2017.322}, 
ISSN={2380-7504}, 
month={Oct},}

@article{plane_rcnn,
  author    = {Chen Liu and
               Kihwan Kim and
               Jinwei Gu and
               Yasutaka Furukawa and
               Jan Kautz},
  title     = {PlaneRCNN: 3D Plane Detection and Reconstruction from a Single Image},
  journal   = {CoRR},
  volume    = {abs/1812.04072},
  year      = {2018},
  url       = {http://arxiv.org/abs/1812.04072},
  archivePrefix = {arXiv},
  eprint    = {1812.04072},
  timestamp = {Tue, 01 Jan 2019 00:00:00 +0100},
  biburl    = {https://dblp.org/rec/bib/journals/corr/abs-1812-04072},
  bibsource = {dblp computer science bibliography, https://dblp.org}
}



#################################
############ FCN ################
#################################

@article{fcn,
  author    = {Evan Shelhamer and
               Jonathan Long and
               Trevor Darrell},
  title     = {Fully Convolutional Networks for Semantic Segmentation},
  journal   = {{IEEE} Trans. Pattern Anal. Mach. Intell.},
  volume    = {39},
  number    = {4},
  pages     = {640--651},
  year      = {2017},
  url       = {https://doi.org/10.1109/TPAMI.2016.2572683},
  doi       = {10.1109/TPAMI.2016.2572683},
  timestamp = {Wed, 14 Nov 2018 00:00:00 +0100},
  biburl    = {https://dblp.org/rec/bib/journals/pami/ShelhamerLD17},
  bibsource = {dblp computer science bibliography, https://dblp.org}
}
		
